% Encoding: UTF-8

% mine

@Misc{grid,
  title        = {Полное руководство по CSS Grid},
  howpublished = {Электронные данные},
  note         = {Режим доступа: https://tuhub.ru/posts/css-grid-complete-guide --- Дата доступа: 01.05.19},
  timestamp    = {2019-05-01},
}

@Misc{wiki_serialization,
  title        = {Полное руководство по CSS Grid},
  howpublished = {Электронные данные},
  note         = {Режим доступа: https://en.wikipedia.org/wiki/Serialization --- Дата доступа: 01.05.19},
  timestamp    = {2019-05-01},
}

@Misc{wiki_callback,
  title        = {Callback (программирование) [Электронный ресурс]},
  howpublished = {Электронные данные},
  note         = {Режим доступа: https://en.wikipedia.org/wiki/Callback\_(computer\_programming)--- Дата доступа: 28.04.2019},
  timestamp    = {2019-04-28},
}

@Misc{wiki_ajax,
  title        = {AJAX [Электронный ресурс]},
  howpublished = {Электронные данные},
  note         = {Режим доступа: https://ru.wikipedia.org/wiki/AJAX --- Дата доступа: 28.04.2019},
  timestamp    = {2019-04-28},
}

@Misc{cms,
  title        = {Content Management System [Электронный ресурс]},
  howpublished = {Электронные данные},
  note         = {Режим доступа: https://otvet.mail.ru/question/16298036 --- Дата доступа: 28.04.2019},
  timestamp    = {2019-04-28},
}

@Misc{wiki_dom,
  title        = {Document Object Model [Электронный ресурс]},
  howpublished = {Электронные данные},
  note         = {Режим доступа: https://ru.wikipedia.org/wiki/Document\_Object\_Model --- Дата доступа: 28.04.2019},
  timestamp    = {2019-04-28},
}

@Misc{wiki_dnd,
  title        = {Drag-and-drop [Электронный ресурс]},
  howpublished = {Электронные данные},
  note         = {Режим доступа: https://ru.wikipedia.org/wiki/Drag-and-drop --- Дата доступа: 28.04.2019},
  timestamp    = {2019-04-28},
}

@Misc{wiki_ui,
  title        = {Интерфейс пользователя [Электронный ресурс]},
  howpublished = {Электронные данные},
  note         = {Режим доступа: https://ru.wikipedia.org/wiki/Интерфейс\_пользователя --- Дата доступа: 28.04.2019},
  timestamp    = {2019-05-09},
}

@Misc{wiki_rest,
  title        = {REST [Электронный ресурс]},
  howpublished = {Электронные данные},
  note         = {Режим доступа: https://ru.wikipedia.org/wiki/REST --- Дата доступа: 09.05.2019},
  timestamp    = {2019-05-09},
}

@Misc{wiki_spa,
  title        = {Одностраничное приложение [Электронный ресурс]},
  howpublished = {Электронные данные},
  note         = {Режим доступа: https://ru.wikipedia.org/wiki/Одностраничное\_приложение --- Дата доступа: 09.05.2019},
  timestamp    = {2019-05-09},
}

@Misc{wiki_trial,
  title        = {Условно-бесплатное программное обеспечение [Электронный ресурс]},
  howpublished = {Электронные данные},
  note         = {Режим доступа: https://ru.wikipedia.org/wiki/Условно-бесплатное\_программное\_обеспечение --- Дата доступа: 09.05.2019},
  timestamp    = {2019-05-09},
}

@Misc{habr_ux,
  title        = {Что такое UX/UI дизайн на самом деле? [Электронный ресурс]},
  howpublished = {Электронные данные},
  note         = {Режим доступа: https://habr.com/ru/post/321312/ --- Дата доступа: 09.05.2019},
  timestamp    = {2019-05-09},
}

@Misc{webix_docs,
  title        = {Webix Documentation [Электронный ресурс]},
  howpublished = {Электронные данные},
  note         = {Режим доступа: https://docs.webix.com --- Дата доступа: 09.05.2019},
  timestamp    = {2019-05-09},
}

@Misc{cms_examples,
  title        = {Конструкторы сайтов: обзор 8 лучших сервисов со сравнительной таблицей [Электронный ресурс]},
  howpublished = {Электронные данные},
  note         = {Режим доступа: https://texterra.ru/blog/konstruktory-saytov-obzor-8-luchshikh-servisov-so-sravnitelnoy-tablitsey.html --- Дата доступа: 27.04.2019},
  timestamp    = {2019-04-27},
}

@Misc{git,
  title        = {Git и GitHub: что это такое [Электронный ресурс]},
  howpublished = {Электронные данные},
  note         = {Режим доступа: https://tproger.ru/translations/difference-between-git-and-github --- Дата доступа: 27.04.2019},
  timestamp    = {2019-04-27},
}

@Misc{wiki_js,
  title        = {JavaScript [Электронный ресурс]},
  howpublished = {Электронные данные},
  note         = {Режим доступа: https://ru.wikipedia.org/wiki/JavaScript --- Дата доступа: 27.04.2019},
  timestamp    = {2019-04-27},
}

@Misc{wiki_ecma,
  title        = {ECMAScript [Электронный ресурс]},
  howpublished = {Электронные данные},
  note         = {Режим доступа: https://ru.wikipedia.org/wiki/ECMAScript --- Дата доступа: 27.04.2019},
  timestamp    = {2019-04-27},
}

@Misc{ecma_additional,
  title        = {ES6, ES8, ES2017: что такое ECMAScript и чем это отличается от JavaScript [Электронный ресурс]},
  howpublished = {Электронные данные},
  note         = {Режим доступа: https://tproger.ru/translations/wtf-is-ecmascript/ --- Дата доступа: 27.04.2019},
  timestamp    = {2019-04-27},
}

@Misc{what_is_webix,
  title        = {ES6, ES8, ES2017: что такое ECMAScript и чем это отличается от JavaScript [Электронный ресурс]},
  howpublished = {Электронные данные},
  note         = {Режим доступа: https://habr.com/ru/post/256505/ --- Дата доступа: 27.04.2019},
  timestamp    = {2019-04-27},
}

@Misc{wiki_applet,
  title        = {Апплет [Электронный ресурс]},
  howpublished = {Электронные данные},
  note         = {Режим доступа: https://ru.wikipedia.org/wiki/Апплет --- Дата доступа: 27.04.2019},
  timestamp    = {2019-04-27},
}

@Misc{babel,
  title        = {Babel [Электронный ресурс]},
  howpublished = {Электронные данные},
  note         = {Режим доступа: https://babeljs.io --- Дата доступа: 27.04.2019},
  timestamp    = {2019-04-27},
}

% not mine


@Book{gost_19.701,
  title     = {ГОСТ 19.701-90. Единая система программной документации. Схемы алгоритмов, программ, данных и систем. Условные обозначения и правила выполнения.},
  publisher = {Издательство стандартов},
  year      = {1991},
  address   = {М.},
  note      = {Введ. 01.01.1992},
}

@Book{u_dont_know_js,
  title     = {You Don't Know JS},
  publisher = {O 'Reilly Media},
  year      = {2015},
  author    = {Simpson K.},
}


@Book{domanov,
  title     = {Стандарт предприятия. Дипломные проекты (работы). Общие требования.},
  publisher = {БГУИР},
  year      = {2010},
  author    = {А. Т. Доманов and Н. И. Сорока},
  address   = {Минск},
}

@Book{kulikov,
  title     = {Работа с MySQL, MS SQL Server и Oracle в примерах. Практическое пособие для программистов и тестировщиков .},
  publisher = {EPAM Systems, RD Dep.},
  year      = {2016},
  author    = {С. С. Куликов},
  note      = {http://svyatoslav.biz/database\_book/},
}

@Book{practical_tutorial_sql,
  title     = {Практическое руководство по SQL},
  publisher = {Вильямс},
  year      = {2002},
  author    = {Дж. Боуман and С. Эмерсон and М. Дарновски},
}

@Misc{istqb_specification,
  title        = {ISTQB glossary -- Specification [Электронный ресурс]},
  howpublished = {Электронные данные},
  note         = {Режим доступа: http://glossary.astqb.org/search/specification. --- Дата доступа: 25.03.17},
}

@Book{gost_7.0,
  title     = {ГОСТ 7.0-99 Информационно-библиотечная деятельность, библиография. Термины и определения},
  publisher = {Межгосударственный совет по стандартизации, метрологии и сертификации},
  year      = {1999},
  address   = {М.},
}

@Misc{iso_iec_it_vocabulary,
  title        = {ISO/IEC 2382-1:1993, Information technology — Vocabulary — Part 1: Fundamental terms [Электронный ресурс]},
  howpublished = {Электронные данные},
  note         = {Режим доступа: https://www.iso.org/obp/ui/\#iso:std:iso-iec-ieee:2382:ed-1:v1:en. --- Дата доступа: 11.12.16},
  timestamp    = {2016-12-11},
}

@Misc{habr_db_tutorial,
  title        = {Руководство по проектированию реляционных баз данных (1-3 часть из 15) [Электронный ресурс]},
  howpublished = {Электронные данные},
  note         = {Режим доступа: https://habrahabr.ru/post/193136/. --- Дата доступа: 11.12.16},
}

@Misc{habr_crossplatform,
  title        = {Как правильно переходить границу: кроссплатформенность в мобильном приложении [Электронный ресурс]},
  howpublished = {Электронные данные},
  note         = {Режим доступа: https://habrahabr.ru/company/parallels/blog/254325/. --- Дата доступа: 26.03.17},
}

@Book{kulikov_db_workbook,
  title   = {Базы данных. Рабочая тетрадь.},
  author  = {С. С. Куликов},
  address = {Минск},
}

@Article{codd,
  author  = {E. F. Codd},
  title   = {A Relational Model of Data for Large Shared Data Banks},
  journal = {Communication of the ACM},
  year    = {1970},
  volume  = {13},
  number  = {6},
}

@Misc{wiki_codd,
  title        = {Edgar F. Codd [Электронный ресурс]},
  howpublished = {Электронные данные},
  note         = {Режим доступа: https://en.wikipedia.org/wiki/Edgar\_F.\_Codd. --- Дата доступа: 11.12.16},
  timestamp    = {2016-12-11},
}

@Book{architecture_volosevich,
  title     = {Архитектура программного обеспечения: Курс лекций для студентов специальности 1-40 01 03 Информатика и технологии программирования},
  publisher = {БГУИР},
  year      = {2013},
  author    = {А. А. Волосевич},
  address   = {Минск},
}

@Book{application_architecture_guide,
  title     = {Microsoft® Application Architecture Guide (Patterns \& Practices)},
  publisher = {Microsoft Press},
  year      = {2009},
  author    = {Microsoft Patterns \& Practices Team},
  isbn      = {9780735627109},
}

@InBook{introduction_to_architecture,
  title     = {An Introduction to Software Architecture},
  publisher = {World Scientific Publishing Company},
  year      = {1994},
  author    = {David Garlan and Mary Shaw},
  editor    = {V Ambriola and G Tortora},
  volume    = {I},
  address   = {New Jersey},
  journal   = {Advances in Software Engineering and Knowledge Engineering},
  howpublished = {Электронные данные},
  note         = {Режим доступа: http://www.cs.cmu.edu/afs/cs/project/able/ftp/intro\_softarch/intro\_softarch.pdf. --- Дата доступа: 28.03.17},
}


@Book{palitsyn,
  title     = {Технико-экономическое обоснование дипломных проектов: Метод. пособие для студ. всех спец. БГУИР. В 4-х ч. Ч. 4: Проекты программного обеспечения},
  publisher = {БГУИР},
  year      = {2006},
  author    = {В.А. Палицын},
  address   = {Мн},
  isbn      = {9854449068},
  note      = {76~с.},
}

@Misc{labour_calendar,
  author       = {Е.А. Пещенко},
  title        = {Производственный календарь на 2017 год [Электронный ресурс]},
  howpublished = {Электронные данные},
  note         = {Режим доступа: http://www.mintrud.gov.by/system/extensions/spaw/uploads/files/Kommetarij-2017-RV.pdf. --- Дата доступа: 06.04.17},
}

@Misc{belstat_average_wage,
  author       = {Белстат},
  title        = {О начисленной средней заработной плате работников в феврале 2017 г. [Электронный ресурс]},
  howpublished = {Электронные данные},
  note         = {Режим доступа: http://www.belstat.gov.by/ofitsialnaya-statistika/solialnaya-sfera/trud/operativnaya-informatsiya\_8/o-nachislennoi-srednei-zarabotnoi-plate-rabotnikov/o-nachislennoy-sredney-zarabotnoy-plate-rabotnikov-v-fevrale-2017-nbsp-g/. --- Дата доступа: 07.04.17},
}

@Comment{jabref-meta: databaseType:bibtex;}
